%YAML 1.1
%TAG !u! tag:unity3d.com,2011:
--- !u!1 &7602751744963771488
GameObject:
  m_ObjectHideFlags: 0
  m_CorrespondingSourceObject: {fileID: 0}
  m_PrefabInstance: {fileID: 0}
  m_PrefabAsset: {fileID: 0}
  serializedVersion: 6
  m_Component:
  - component: {fileID: 4876441975529749640}
  - component: {fileID: 1627891207248917826}
  - component: {fileID: 4148329112965053139}
  m_Layer: 27
  m_Name: InSocket
  m_TagString: Untagged
  m_Icon: {fileID: 0}
  m_NavMeshLayer: 0
  m_StaticEditorFlags: 0
  m_IsActive: 1
--- !u!4 &4876441975529749640
Transform:
  m_ObjectHideFlags: 0
  m_CorrespondingSourceObject: {fileID: 0}
  m_PrefabInstance: {fileID: 0}
  m_PrefabAsset: {fileID: 0}
  m_GameObject: {fileID: 7602751744963771488}
  m_LocalRotation: {x: 0, y: 0, z: 0, w: 1}
  m_LocalPosition: {x: 0, y: 0, z: 0}
  m_LocalScale: {x: 1.3713, y: 1.3713, z: 1.3713}
  m_Children:
  - {fileID: 5707928383946785053}
  m_Father: {fileID: 0}
  m_RootOrder: 0
  m_LocalEulerAnglesHint: {x: 0, y: 0, z: 0}
--- !u!135 &1627891207248917826
SphereCollider:
  m_ObjectHideFlags: 0
  m_CorrespondingSourceObject: {fileID: 0}
  m_PrefabInstance: {fileID: 0}
  m_PrefabAsset: {fileID: 0}
  m_GameObject: {fileID: 7602751744963771488}
  m_Material: {fileID: 0}
  m_IsTrigger: 0
  m_Enabled: 1
  serializedVersion: 2
  m_Radius: 0.2
  m_Center: {x: 0, y: 0, z: -0.05}
--- !u!114 &4148329112965053139
MonoBehaviour:
  m_ObjectHideFlags: 0
  m_CorrespondingSourceObject: {fileID: 0}
  m_PrefabInstance: {fileID: 0}
  m_PrefabAsset: {fileID: 0}
  m_GameObject: {fileID: 7602751744963771488}
  m_Enabled: 1
  m_EditorHideFlags: 0
  m_Script: {fileID: 11500000, guid: d2dd747dbbb03d148bef3a8a72f747cb, type: 3}
  m_Name: 
  m_EditorClassIdentifier: 
  fakePlug: {fileID: 4369311515793255694}
  wireJunction: {fileID: 782586570791712218}
  activeTime: 10
--- !u!1001 &2454666565647982309
PrefabInstance:
  m_ObjectHideFlags: 0
  serializedVersion: 2
  m_Modification:
    m_TransformParent: {fileID: 4876441975529749640}
    m_Modifications:
    - target: {fileID: 1615401777150501375, guid: d1a7d04d26a336e4580bf45661bd2ca9,
        type: 3}
      propertyPath: m_Layer
      value: 0
      objectReference: {fileID: 0}
    - target: {fileID: 2211922248767943659, guid: d1a7d04d26a336e4580bf45661bd2ca9,
        type: 3}
      propertyPath: m_Name
      value: LPlug
      objectReference: {fileID: 0}
    - target: {fileID: 2211922248767943659, guid: d1a7d04d26a336e4580bf45661bd2ca9,
        type: 3}
      propertyPath: m_IsActive
      value: 0
      objectReference: {fileID: 0}
    - target: {fileID: 2211922248767943659, guid: d1a7d04d26a336e4580bf45661bd2ca9,
        type: 3}
      propertyPath: m_Layer
      value: 0
      objectReference: {fileID: 0}
    - target: {fileID: 2939993395310766911, guid: d1a7d04d26a336e4580bf45661bd2ca9,
        type: 3}
      propertyPath: m_LocalPosition.z
      value: 0.0463
      objectReference: {fileID: 0}
    - target: {fileID: 4589860823987327912, guid: d1a7d04d26a336e4580bf45661bd2ca9,
        type: 3}
      propertyPath: m_Layer
      value: 0
      objectReference: {fileID: 0}
    - target: {fileID: 7865000891902681080, guid: d1a7d04d26a336e4580bf45661bd2ca9,
        type: 3}
      propertyPath: m_LocalPosition.x
      value: 0
      objectReference: {fileID: 0}
    - target: {fileID: 7865000891902681080, guid: d1a7d04d26a336e4580bf45661bd2ca9,
        type: 3}
      propertyPath: m_LocalPosition.y
      value: 0
      objectReference: {fileID: 0}
    - target: {fileID: 7865000891902681080, guid: d1a7d04d26a336e4580bf45661bd2ca9,
        type: 3}
      propertyPath: m_LocalPosition.z
      value: 0
      objectReference: {fileID: 0}
    - target: {fileID: 7865000891902681080, guid: d1a7d04d26a336e4580bf45661bd2ca9,
        type: 3}
      propertyPath: m_LocalRotation.x
      value: 0
      objectReference: {fileID: 0}
    - target: {fileID: 7865000891902681080, guid: d1a7d04d26a336e4580bf45661bd2ca9,
        type: 3}
      propertyPath: m_LocalRotation.y
      value: 0
      objectReference: {fileID: 0}
    - target: {fileID: 7865000891902681080, guid: d1a7d04d26a336e4580bf45661bd2ca9,
        type: 3}
      propertyPath: m_LocalRotation.z
      value: 0
      objectReference: {fileID: 0}
    - target: {fileID: 7865000891902681080, guid: d1a7d04d26a336e4580bf45661bd2ca9,
        type: 3}
      propertyPath: m_LocalRotation.w
      value: 1
      objectReference: {fileID: 0}
    - target: {fileID: 7865000891902681080, guid: d1a7d04d26a336e4580bf45661bd2ca9,
        type: 3}
      propertyPath: m_RootOrder
      value: 0
      objectReference: {fileID: 0}
    - target: {fileID: 7865000891902681080, guid: d1a7d04d26a336e4580bf45661bd2ca9,
        type: 3}
      propertyPath: m_LocalEulerAnglesHint.x
      value: 0
      objectReference: {fileID: 0}
    - target: {fileID: 7865000891902681080, guid: d1a7d04d26a336e4580bf45661bd2ca9,
        type: 3}
      propertyPath: m_LocalEulerAnglesHint.y
      value: 0
      objectReference: {fileID: 0}
    - target: {fileID: 7865000891902681080, guid: d1a7d04d26a336e4580bf45661bd2ca9,
        type: 3}
      propertyPath: m_LocalEulerAnglesHint.z
      value: 0
      objectReference: {fileID: 0}
    m_RemovedComponents: []
  m_SourcePrefab: {fileID: 100100000, guid: d1a7d04d26a336e4580bf45661bd2ca9, type: 3}
--- !u!1 &4369311515793255694 stripped
GameObject:
  m_CorrespondingSourceObject: {fileID: 2211922248767943659, guid: d1a7d04d26a336e4580bf45661bd2ca9,
    type: 3}
  m_PrefabInstance: {fileID: 2454666565647982309}
  m_PrefabAsset: {fileID: 0}
--- !u!4 &5707928383946785053 stripped
Transform:
  m_CorrespondingSourceObject: {fileID: 7865000891902681080, guid: d1a7d04d26a336e4580bf45661bd2ca9,
    type: 3}
  m_PrefabInstance: {fileID: 2454666565647982309}
  m_PrefabAsset: {fileID: 0}
--- !u!4 &782586570791712218 stripped
Transform:
  m_CorrespondingSourceObject: {fileID: 2939993395310766911, guid: d1a7d04d26a336e4580bf45661bd2ca9,
    type: 3}
  m_PrefabInstance: {fileID: 2454666565647982309}
  m_PrefabAsset: {fileID: 0}
