%YAML 1.1
%TAG !u! tag:unity3d.com,2011:
--- !u!1 &52327182431025801
GameObject:
  m_ObjectHideFlags: 0
  m_CorrespondingSourceObject: {fileID: 0}
  m_PrefabInstance: {fileID: 0}
  m_PrefabAsset: {fileID: 0}
  serializedVersion: 6
  m_Component:
  - component: {fileID: 2521254735901726859}
  m_Layer: 26
  m_Name: Bone009
  m_TagString: Untagged
  m_Icon: {fileID: 0}
  m_NavMeshLayer: 0
  m_StaticEditorFlags: 0
  m_IsActive: 1
--- !u!4 &2521254735901726859
Transform:
  m_ObjectHideFlags: 0
  m_CorrespondingSourceObject: {fileID: 0}
  m_PrefabInstance: {fileID: 0}
  m_PrefabAsset: {fileID: 0}
  m_GameObject: {fileID: 52327182431025801}
  m_LocalRotation: {x: -0.5567335, y: -0.43594477, z: 0.43594444, w: 0.55673367}
  m_LocalPosition: {x: -0.11061786, y: -0.016152442, z: -0.000013746739}
  m_LocalScale: {x: 1, y: 1, z: 1.0000001}
  m_Children: []
  m_Father: {fileID: 2506244752364094824}
  m_RootOrder: 5
  m_LocalEulerAnglesHint: {x: 0, y: 0, z: 0}
--- !u!1 &69313418918426893
GameObject:
  m_ObjectHideFlags: 0
  m_CorrespondingSourceObject: {fileID: 0}
  m_PrefabInstance: {fileID: 0}
  m_PrefabAsset: {fileID: 0}
  serializedVersion: 6
  m_Component:
  - component: {fileID: 3272038550323898741}
  m_Layer: 26
  m_Name: Bone008
  m_TagString: Untagged
  m_Icon: {fileID: 0}
  m_NavMeshLayer: 0
  m_StaticEditorFlags: 0
  m_IsActive: 1
--- !u!4 &3272038550323898741
Transform:
  m_ObjectHideFlags: 0
  m_CorrespondingSourceObject: {fileID: 0}
  m_PrefabInstance: {fileID: 0}
  m_PrefabAsset: {fileID: 0}
  m_GameObject: {fileID: 69313418918426893}
  m_LocalRotation: {x: -0.5567335, y: -0.43594477, z: 0.43594444, w: 0.55673367}
  m_LocalPosition: {x: -0.10767836, y: -0.13170685, z: -0.031956166}
  m_LocalScale: {x: 1, y: 1, z: 1.0000001}
  m_Children: []
  m_Father: {fileID: 2506244752364094824}
  m_RootOrder: 4
  m_LocalEulerAnglesHint: {x: 0, y: 0, z: 0}
--- !u!1 &1143424426896541268
GameObject:
  m_ObjectHideFlags: 0
  m_CorrespondingSourceObject: {fileID: 0}
  m_PrefabInstance: {fileID: 0}
  m_PrefabAsset: {fileID: 0}
  serializedVersion: 6
  m_Component:
  - component: {fileID: 3391443973214928360}
  m_Layer: 26
  m_Name: Bone005
  m_TagString: Untagged
  m_Icon: {fileID: 0}
  m_NavMeshLayer: 0
  m_StaticEditorFlags: 0
  m_IsActive: 1
--- !u!4 &3391443973214928360
Transform:
  m_ObjectHideFlags: 0
  m_CorrespondingSourceObject: {fileID: 0}
  m_PrefabInstance: {fileID: 0}
  m_PrefabAsset: {fileID: 0}
  m_GameObject: {fileID: 1143424426896541268}
  m_LocalRotation: {x: -0.5567335, y: -0.43594477, z: 0.43594444, w: 0.55673367}
  m_LocalPosition: {x: -0.15034722, y: -0.16977745, z: 0.00034210994}
  m_LocalScale: {x: 0.99999994, y: 1, z: 1.0000001}
  m_Children: []
  m_Father: {fileID: 2506244752364094824}
  m_RootOrder: 2
  m_LocalEulerAnglesHint: {x: 0, y: 0, z: 0}
--- !u!1 &3207945732737678755
GameObject:
  m_ObjectHideFlags: 0
  m_CorrespondingSourceObject: {fileID: 0}
  m_PrefabInstance: {fileID: 0}
  m_PrefabAsset: {fileID: 0}
  serializedVersion: 6
  m_Component:
  - component: {fileID: 1832265430669687354}
  m_Layer: 26
  m_Name: BulletL_Bn
  m_TagString: Untagged
  m_Icon: {fileID: 0}
  m_NavMeshLayer: 0
  m_StaticEditorFlags: 0
  m_IsActive: 1
--- !u!4 &1832265430669687354
Transform:
  m_ObjectHideFlags: 0
  m_CorrespondingSourceObject: {fileID: 0}
  m_PrefabInstance: {fileID: 0}
  m_PrefabAsset: {fileID: 0}
  m_GameObject: {fileID: 3207945732737678755}
  m_LocalRotation: {x: -0.08541077, y: -0.7019293, z: -0.085410714, w: 0.7019297}
  m_LocalPosition: {x: -0.16453294, y: -0.23441711, z: -0.000013854062}
  m_LocalScale: {x: 1, y: 1, z: 1.0000001}
  m_Children:
  - {fileID: 5547404530344857373}
  - {fileID: 4053206167080615399}
  m_Father: {fileID: 2506244752364094824}
  m_RootOrder: 6
  m_LocalEulerAnglesHint: {x: 0, y: 0, z: 0}
--- !u!1 &3904173095279463366
GameObject:
  m_ObjectHideFlags: 0
  m_CorrespondingSourceObject: {fileID: 0}
  m_PrefabInstance: {fileID: 0}
  m_PrefabAsset: {fileID: 0}
  serializedVersion: 6
  m_Component:
  - component: {fileID: 2506244752364094824}
  m_Layer: 26
  m_Name: Gun1_MBn
  m_TagString: Untagged
  m_Icon: {fileID: 0}
  m_NavMeshLayer: 0
  m_StaticEditorFlags: 0
  m_IsActive: 1
--- !u!4 &2506244752364094824
Transform:
  m_ObjectHideFlags: 0
  m_CorrespondingSourceObject: {fileID: 0}
  m_PrefabInstance: {fileID: 0}
  m_PrefabAsset: {fileID: 0}
  m_GameObject: {fileID: 3904173095279463366}
  m_LocalRotation: {x: -0.43594486, y: 0.55673385, z: -0.4359444, w: 0.5567333}
  m_LocalPosition: {x: -0, y: 0.01761568, z: 0.069172785}
  m_LocalScale: {x: 0.9999999, y: 0.99999994, z: 0.9999999}
  m_Children:
  - {fileID: 4450937754642449327}
  - {fileID: 5763797067576805745}
  - {fileID: 3391443973214928360}
  - {fileID: 5281128908761235187}
  - {fileID: 3272038550323898741}
  - {fileID: 2521254735901726859}
  - {fileID: 1832265430669687354}
  - {fileID: 6525137579725697505}
  - {fileID: 903454477166603824}
  m_Father: {fileID: 7704110649416604877}
  m_RootOrder: 0
  m_LocalEulerAnglesHint: {x: 0, y: 0, z: 0}
--- !u!1 &4520469500492959585
GameObject:
  m_ObjectHideFlags: 0
  m_CorrespondingSourceObject: {fileID: 0}
  m_PrefabInstance: {fileID: 0}
  m_PrefabAsset: {fileID: 0}
  serializedVersion: 6
  m_Component:
  - component: {fileID: 4450937754642449327}
  m_Layer: 26
  m_Name: Bone003
  m_TagString: Untagged
  m_Icon: {fileID: 0}
  m_NavMeshLayer: 0
  m_StaticEditorFlags: 0
  m_IsActive: 1
--- !u!4 &4450937754642449327
Transform:
  m_ObjectHideFlags: 0
  m_CorrespondingSourceObject: {fileID: 0}
  m_PrefabInstance: {fileID: 0}
  m_PrefabAsset: {fileID: 0}
  m_GameObject: {fileID: 4520469500492959585}
  m_LocalRotation: {x: -0.5567335, y: -0.43594477, z: 0.43594444, w: 0.55673367}
  m_LocalPosition: {x: -0.1587664, y: -0.15875196, z: 0.052084707}
  m_LocalScale: {x: 1, y: 1, z: 1.0000001}
  m_Children: []
  m_Father: {fileID: 2506244752364094824}
  m_RootOrder: 0
  m_LocalEulerAnglesHint: {x: 0, y: 0, z: 0}
--- !u!1 &4694861551419774076
GameObject:
  m_ObjectHideFlags: 0
  m_CorrespondingSourceObject: {fileID: 0}
  m_PrefabInstance: {fileID: 0}
  m_PrefabAsset: {fileID: 0}
  serializedVersion: 6
  m_Component:
  - component: {fileID: 903454477166603824}
  m_Layer: 26
  m_Name: Circle005
  m_TagString: Untagged
  m_Icon: {fileID: 0}
  m_NavMeshLayer: 0
  m_StaticEditorFlags: 0
  m_IsActive: 1
--- !u!4 &903454477166603824
Transform:
  m_ObjectHideFlags: 0
  m_CorrespondingSourceObject: {fileID: 0}
  m_PrefabInstance: {fileID: 0}
  m_PrefabAsset: {fileID: 0}
  m_GameObject: {fileID: 4694861551419774076}
  m_LocalRotation: {x: 0.5567337, y: 0.43594456, z: 0.5567333, w: -0.43594486}
  m_LocalPosition: {x: -0.06311991, y: 0.17612359, z: 0.000000093677585}
  m_LocalScale: {x: 1, y: 1.0000001, z: 0.99999994}
  m_Children:
  - {fileID: 3974426984931701623}
  m_Father: {fileID: 2506244752364094824}
  m_RootOrder: 8
  m_LocalEulerAnglesHint: {x: 0, y: 0, z: 0}
--- !u!1 &4987949765901930998
GameObject:
  m_ObjectHideFlags: 0
  m_CorrespondingSourceObject: {fileID: 0}
  m_PrefabInstance: {fileID: 0}
  m_PrefabAsset: {fileID: 0}
  serializedVersion: 6
  m_Component:
  - component: {fileID: 5547404530344857373}
  m_Layer: 26
  m_Name: LPlugSlot
  m_TagString: Untagged
  m_Icon: {fileID: 0}
  m_NavMeshLayer: 0
  m_StaticEditorFlags: 0
  m_IsActive: 1
--- !u!4 &5547404530344857373
Transform:
  m_ObjectHideFlags: 0
  m_CorrespondingSourceObject: {fileID: 0}
  m_PrefabInstance: {fileID: 0}
  m_PrefabAsset: {fileID: 0}
  m_GameObject: {fileID: 4987949765901930998}
  m_LocalRotation: {x: 0, y: 0.70710677, z: 0.70710677, w: 0}
  m_LocalPosition: {x: 0, y: 0, z: 0}
  m_LocalScale: {x: 1, y: 1, z: 1}
  m_Children: []
  m_Father: {fileID: 1832265430669687354}
  m_RootOrder: 0
  m_LocalEulerAnglesHint: {x: -90, y: 90, z: 90}
--- !u!1 &5220933612644891445
GameObject:
  m_ObjectHideFlags: 0
  m_CorrespondingSourceObject: {fileID: 0}
  m_PrefabInstance: {fileID: 0}
  m_PrefabAsset: {fileID: 0}
  serializedVersion: 6
  m_Component:
  - component: {fileID: 6525137579725697505}
  m_Layer: 26
  m_Name: BulletR_Bn
  m_TagString: Untagged
  m_Icon: {fileID: 0}
  m_NavMeshLayer: 0
  m_StaticEditorFlags: 0
  m_IsActive: 1
--- !u!4 &6525137579725697505
Transform:
  m_ObjectHideFlags: 0
  m_CorrespondingSourceObject: {fileID: 0}
  m_PrefabInstance: {fileID: 0}
  m_PrefabAsset: {fileID: 0}
  m_GameObject: {fileID: 5220933612644891445}
  m_LocalRotation: {x: -0.08541077, y: -0.7019293, z: -0.085410714, w: 0.7019297}
  m_LocalPosition: {x: -0.17408949, y: -0.22190377, z: 0.04912932}
  m_LocalScale: {x: 1, y: 1, z: 1.0000001}
  m_Children:
  - {fileID: 7504553531936363864}
  - {fileID: 7287250473739547092}
  m_Father: {fileID: 2506244752364094824}
  m_RootOrder: 7
  m_LocalEulerAnglesHint: {x: 0, y: 0, z: 0}
--- !u!1 &5257251054063011716
GameObject:
  m_ObjectHideFlags: 0
  m_CorrespondingSourceObject: {fileID: 0}
  m_PrefabInstance: {fileID: 0}
  m_PrefabAsset: {fileID: 0}
  serializedVersion: 6
  m_Component:
  - component: {fileID: 5763797067576805745}
  m_Layer: 26
  m_Name: Bone004
  m_TagString: Untagged
  m_Icon: {fileID: 0}
  m_NavMeshLayer: 0
  m_StaticEditorFlags: 0
  m_IsActive: 1
--- !u!4 &5763797067576805745
Transform:
  m_ObjectHideFlags: 0
  m_CorrespondingSourceObject: {fileID: 0}
  m_PrefabInstance: {fileID: 0}
  m_PrefabAsset: {fileID: 0}
  m_GameObject: {fileID: 5257251054063011716}
  m_LocalRotation: {x: -0.5567335, y: -0.43594477, z: 0.43594444, w: 0.55673367}
  m_LocalPosition: {x: -0.12582166, y: -0.07770044, z: -0.000025480513}
  m_LocalScale: {x: 0.99999994, y: 1, z: 1.0000001}
  m_Children: []
  m_Father: {fileID: 2506244752364094824}
  m_RootOrder: 1
  m_LocalEulerAnglesHint: {x: 0, y: 0, z: 0}
--- !u!1 &6377389494620453451
GameObject:
  m_ObjectHideFlags: 0
  m_CorrespondingSourceObject: {fileID: 0}
  m_PrefabInstance: {fileID: 0}
  m_PrefabAsset: {fileID: 0}
  serializedVersion: 6
  m_Component:
  - component: {fileID: 7555742843262462591}
  - component: {fileID: 3387242073246169984}
  m_Layer: 26
  m_Name: Line004
  m_TagString: Untagged
  m_Icon: {fileID: 0}
  m_NavMeshLayer: 0
  m_StaticEditorFlags: 0
  m_IsActive: 1
--- !u!4 &7555742843262462591
Transform:
  m_ObjectHideFlags: 0
  m_CorrespondingSourceObject: {fileID: 0}
  m_PrefabInstance: {fileID: 0}
  m_PrefabAsset: {fileID: 0}
  m_GameObject: {fileID: 6377389494620453451}
  m_LocalRotation: {x: -0.7071068, y: 0, z: -0, w: 0.7071068}
  m_LocalPosition: {x: -0.000028450298, y: 0.004878045, z: 0.1078459}
  m_LocalScale: {x: 1, y: 1, z: 1}
  m_Children: []
  m_Father: {fileID: 7704110649416604877}
  m_RootOrder: 1
  m_LocalEulerAnglesHint: {x: 0, y: 0, z: 0}
--- !u!137 &3387242073246169984
SkinnedMeshRenderer:
  m_ObjectHideFlags: 0
  m_CorrespondingSourceObject: {fileID: 0}
  m_PrefabInstance: {fileID: 0}
  m_PrefabAsset: {fileID: 0}
  m_GameObject: {fileID: 6377389494620453451}
  m_Enabled: 1
  m_CastShadows: 1
  m_ReceiveShadows: 1
  m_DynamicOccludee: 1
  m_MotionVectors: 1
  m_LightProbeUsage: 1
  m_ReflectionProbeUsage: 1
  m_RenderingLayerMask: 1
  m_RendererPriority: 0
  m_Materials:
  - {fileID: 2100000, guid: aea1dd332213b784da6a2eaaf186ff62, type: 2}
  - {fileID: 8951590290405538438, guid: f9df2bafb42261742a55b715bd438e9a, type: 3}
  m_StaticBatchInfo:
    firstSubMesh: 0
    subMeshCount: 0
  m_StaticBatchRoot: {fileID: 0}
  m_ProbeAnchor: {fileID: 0}
  m_LightProbeVolumeOverride: {fileID: 0}
  m_ScaleInLightmap: 1
  m_ReceiveGI: 1
  m_PreserveUVs: 0
  m_IgnoreNormalsForChartDetection: 0
  m_ImportantGI: 0
  m_StitchLightmapSeams: 1
  m_SelectedEditorRenderState: 3
  m_MinimumChartSize: 4
  m_AutoUVMaxDistance: 0.5
  m_AutoUVMaxAngle: 89
  m_LightmapParameters: {fileID: 0}
  m_SortingLayerID: 0
  m_SortingLayer: 0
  m_SortingOrder: 0
  serializedVersion: 2
  m_Quality: 0
  m_UpdateWhenOffscreen: 0
  m_SkinnedMotionVectors: 1
  m_Mesh: {fileID: -1824870671384894608, guid: f9df2bafb42261742a55b715bd438e9a, type: 3}
  m_Bones:
  - {fileID: 2506244752364094824}
  - {fileID: 4450937754642449327}
  - {fileID: 3391443973214928360}
  - {fileID: 3974426984931701623}
  - {fileID: 3272038550323898741}
  - {fileID: 5281128908761235187}
  - {fileID: 5763797067576805745}
  - {fileID: 2521254735901726859}
  m_BlendShapeWeights: []
  m_RootBone: {fileID: 2506244752364094824}
  m_AABB:
    m_Center: {x: -0.07245986, y: -0.005686626, z: 0.013671976}
    m_Extent: {x: 0.11472787, y: 0.18696707, z: 0.06429817}
  m_DirtyAABB: 0
--- !u!1 &6679161545270832862
GameObject:
  m_ObjectHideFlags: 0
  m_CorrespondingSourceObject: {fileID: 0}
  m_PrefabInstance: {fileID: 0}
  m_PrefabAsset: {fileID: 0}
  serializedVersion: 6
  m_Component:
  - component: {fileID: 7704110649416604877}
  - component: {fileID: 315388385949872567}
  m_Layer: 26
  m_Name: WireGun
  m_TagString: Untagged
  m_Icon: {fileID: 0}
  m_NavMeshLayer: 0
  m_StaticEditorFlags: 0
  m_IsActive: 1
--- !u!4 &7704110649416604877
Transform:
  m_ObjectHideFlags: 0
  m_CorrespondingSourceObject: {fileID: 0}
  m_PrefabInstance: {fileID: 0}
  m_PrefabAsset: {fileID: 0}
  m_GameObject: {fileID: 6679161545270832862}
  m_LocalRotation: {x: 0, y: 0, z: 0, w: 1}
  m_LocalPosition: {x: 0, y: 0.496, z: 0.925}
  m_LocalScale: {x: 2.302214, y: 2.302214, z: 2.302214}
  m_Children:
  - {fileID: 2506244752364094824}
  - {fileID: 7555742843262462591}
  - {fileID: 1256884016014277257}
  - {fileID: 585936315188286274}
  m_Father: {fileID: 0}
  m_RootOrder: 0
  m_LocalEulerAnglesHint: {x: 0, y: 0, z: 0}
--- !u!95 &315388385949872567
Animator:
  serializedVersion: 3
  m_ObjectHideFlags: 0
  m_CorrespondingSourceObject: {fileID: 0}
  m_PrefabInstance: {fileID: 0}
  m_PrefabAsset: {fileID: 0}
  m_GameObject: {fileID: 6679161545270832862}
  m_Enabled: 1
  m_Avatar: {fileID: 9000000, guid: f9df2bafb42261742a55b715bd438e9a, type: 3}
  m_Controller: {fileID: 9100000, guid: 3a87761344e1b0045a5096e94b20739a, type: 2}
  m_CullingMode: 1
  m_UpdateMode: 0
  m_ApplyRootMotion: 0
  m_LinearVelocityBlending: 0
  m_WarningMessage: 
  m_HasTransformHierarchy: 1
  m_AllowConstantClipSamplingOptimization: 1
  m_KeepAnimatorControllerStateOnDisable: 0
--- !u!1 &6761541537853967176
GameObject:
  m_ObjectHideFlags: 0
  m_CorrespondingSourceObject: {fileID: 0}
  m_PrefabInstance: {fileID: 0}
  m_PrefabAsset: {fileID: 0}
  serializedVersion: 6
  m_Component:
  - component: {fileID: 3974426984931701623}
  m_Layer: 26
  m_Name: Bone006
  m_TagString: Untagged
  m_Icon: {fileID: 0}
  m_NavMeshLayer: 0
  m_StaticEditorFlags: 0
  m_IsActive: 1
--- !u!4 &3974426984931701623
Transform:
  m_ObjectHideFlags: 0
  m_CorrespondingSourceObject: {fileID: 0}
  m_PrefabInstance: {fileID: 0}
  m_PrefabAsset: {fileID: 0}
  m_GameObject: {fileID: 6761541537853967176}
  m_LocalRotation: {x: 0.50000006, y: -0.49999994, z: 0.50000006, w: 0.49999994}
  m_LocalPosition: {x: 0.047654927, y: -0.024468346, z: -0.16861743}
  m_LocalScale: {x: 0.99999994, y: 0.9999999, z: 1.0000002}
  m_Children: []
  m_Father: {fileID: 903454477166603824}
  m_RootOrder: 0
  m_LocalEulerAnglesHint: {x: 0, y: 0, z: 0}
--- !u!1 &6892157320143703096
GameObject:
  m_ObjectHideFlags: 0
  m_CorrespondingSourceObject: {fileID: 0}
  m_PrefabInstance: {fileID: 0}
  m_PrefabAsset: {fileID: 0}
  serializedVersion: 6
  m_Component:
  - component: {fileID: 7504553531936363864}
  m_Layer: 26
  m_Name: RPlugSlot
  m_TagString: Untagged
  m_Icon: {fileID: 0}
  m_NavMeshLayer: 0
  m_StaticEditorFlags: 0
  m_IsActive: 1
--- !u!4 &7504553531936363864
Transform:
  m_ObjectHideFlags: 0
  m_CorrespondingSourceObject: {fileID: 0}
  m_PrefabInstance: {fileID: 0}
  m_PrefabAsset: {fileID: 0}
  m_GameObject: {fileID: 6892157320143703096}
  m_LocalRotation: {x: 0, y: 0.70710677, z: 0.70710677, w: 0}
  m_LocalPosition: {x: 0, y: 0, z: 0}
  m_LocalScale: {x: 1, y: 1, z: 1}
  m_Children: []
  m_Father: {fileID: 6525137579725697505}
  m_RootOrder: 0
  m_LocalEulerAnglesHint: {x: -90, y: 90, z: 90}
--- !u!1 &8278540342738514709
GameObject:
  m_ObjectHideFlags: 0
  m_CorrespondingSourceObject: {fileID: 0}
  m_PrefabInstance: {fileID: 0}
  m_PrefabAsset: {fileID: 0}
  serializedVersion: 6
  m_Component:
  - component: {fileID: 5281128908761235187}
  m_Layer: 26
  m_Name: Bone007
  m_TagString: Untagged
  m_Icon: {fileID: 0}
  m_NavMeshLayer: 0
  m_StaticEditorFlags: 0
  m_IsActive: 1
--- !u!4 &5281128908761235187
Transform:
  m_ObjectHideFlags: 0
  m_CorrespondingSourceObject: {fileID: 0}
  m_PrefabInstance: {fileID: 0}
  m_PrefabAsset: {fileID: 0}
  m_GameObject: {fileID: 8278540342738514709}
  m_LocalRotation: {x: -0.5567335, y: -0.43594477, z: 0.43594444, w: 0.55673367}
  m_LocalPosition: {x: -0.15799454, y: -0.12654059, z: 0.047189392}
  m_LocalScale: {x: 1, y: 1, z: 1.0000001}
  m_Children: []
  m_Father: {fileID: 2506244752364094824}
  m_RootOrder: 3
  m_LocalEulerAnglesHint: {x: 0, y: 0, z: 0}
--- !u!1001 &3256037948203021040
PrefabInstance:
  m_ObjectHideFlags: 0
  serializedVersion: 2
  m_Modification:
    m_TransformParent: {fileID: 7704110649416604877}
    m_Modifications:
    - target: {fileID: 4350085922611562617, guid: c7473bd65c533b84f820305eee61384c,
        type: 3}
      propertyPath: m_LocalPosition.x
      value: -0.0008
      objectReference: {fileID: 0}
    - target: {fileID: 4350085922611562617, guid: c7473bd65c533b84f820305eee61384c,
        type: 3}
      propertyPath: m_LocalPosition.y
      value: 0.119
      objectReference: {fileID: 0}
    - target: {fileID: 4350085922611562617, guid: c7473bd65c533b84f820305eee61384c,
        type: 3}
      propertyPath: m_LocalPosition.z
      value: 0.3027
      objectReference: {fileID: 0}
    - target: {fileID: 4350085922611562617, guid: c7473bd65c533b84f820305eee61384c,
        type: 3}
      propertyPath: m_LocalRotation.x
      value: 0
      objectReference: {fileID: 0}
    - target: {fileID: 4350085922611562617, guid: c7473bd65c533b84f820305eee61384c,
        type: 3}
      propertyPath: m_LocalRotation.y
      value: 0
      objectReference: {fileID: 0}
    - target: {fileID: 4350085922611562617, guid: c7473bd65c533b84f820305eee61384c,
        type: 3}
      propertyPath: m_LocalRotation.z
      value: 0
      objectReference: {fileID: 0}
    - target: {fileID: 4350085922611562617, guid: c7473bd65c533b84f820305eee61384c,
        type: 3}
      propertyPath: m_LocalRotation.w
      value: 1
      objectReference: {fileID: 0}
    - target: {fileID: 4350085922611562617, guid: c7473bd65c533b84f820305eee61384c,
        type: 3}
      propertyPath: m_RootOrder
      value: 2
      objectReference: {fileID: 0}
    - target: {fileID: 4350085922611562617, guid: c7473bd65c533b84f820305eee61384c,
        type: 3}
      propertyPath: m_LocalEulerAnglesHint.x
      value: 0
      objectReference: {fileID: 0}
    - target: {fileID: 4350085922611562617, guid: c7473bd65c533b84f820305eee61384c,
        type: 3}
      propertyPath: m_LocalEulerAnglesHint.y
      value: 0
      objectReference: {fileID: 0}
    - target: {fileID: 4350085922611562617, guid: c7473bd65c533b84f820305eee61384c,
        type: 3}
      propertyPath: m_LocalEulerAnglesHint.z
      value: 0
      objectReference: {fileID: 0}
    - target: {fileID: 8105018485176530032, guid: c7473bd65c533b84f820305eee61384c,
        type: 3}
      propertyPath: m_Name
      value: SparksVFX_L
      objectReference: {fileID: 0}
    - target: {fileID: 8105018485176530032, guid: c7473bd65c533b84f820305eee61384c,
        type: 3}
      propertyPath: m_IsActive
      value: 0
      objectReference: {fileID: 0}
    m_RemovedComponents: []
  m_SourcePrefab: {fileID: 100100000, guid: c7473bd65c533b84f820305eee61384c, type: 3}
--- !u!4 &1256884016014277257 stripped
Transform:
  m_CorrespondingSourceObject: {fileID: 4350085922611562617, guid: c7473bd65c533b84f820305eee61384c,
    type: 3}
  m_PrefabInstance: {fileID: 3256037948203021040}
  m_PrefabAsset: {fileID: 0}
--- !u!1001 &5323031983256127655
PrefabInstance:
  m_ObjectHideFlags: 0
  serializedVersion: 2
  m_Modification:
    m_TransformParent: {fileID: 6525137579725697505}
    m_Modifications:
    - target: {fileID: 30644805693213479, guid: 447e80755f59251448859212263f6a72,
        type: 3}
      propertyPath: m_Name
      value: RPlug
      objectReference: {fileID: 0}
    - target: {fileID: 3242229788882811251, guid: 447e80755f59251448859212263f6a72,
        type: 3}
      propertyPath: m_LocalPosition.x
      value: 0
      objectReference: {fileID: 0}
    - target: {fileID: 3242229788882811251, guid: 447e80755f59251448859212263f6a72,
        type: 3}
      propertyPath: m_LocalPosition.y
      value: 0
      objectReference: {fileID: 0}
    - target: {fileID: 3242229788882811251, guid: 447e80755f59251448859212263f6a72,
        type: 3}
      propertyPath: m_LocalPosition.z
      value: 0
      objectReference: {fileID: 0}
    - target: {fileID: 3242229788882811251, guid: 447e80755f59251448859212263f6a72,
        type: 3}
      propertyPath: m_LocalRotation.x
      value: 0
      objectReference: {fileID: 0}
    - target: {fileID: 3242229788882811251, guid: 447e80755f59251448859212263f6a72,
        type: 3}
      propertyPath: m_LocalRotation.y
      value: 0.70710677
      objectReference: {fileID: 0}
    - target: {fileID: 3242229788882811251, guid: 447e80755f59251448859212263f6a72,
        type: 3}
      propertyPath: m_LocalRotation.z
      value: 0.70710677
      objectReference: {fileID: 0}
    - target: {fileID: 3242229788882811251, guid: 447e80755f59251448859212263f6a72,
        type: 3}
      propertyPath: m_LocalRotation.w
      value: 0
      objectReference: {fileID: 0}
    - target: {fileID: 3242229788882811251, guid: 447e80755f59251448859212263f6a72,
        type: 3}
      propertyPath: m_RootOrder
      value: 1
      objectReference: {fileID: 0}
    - target: {fileID: 3242229788882811251, guid: 447e80755f59251448859212263f6a72,
        type: 3}
      propertyPath: m_LocalEulerAnglesHint.x
      value: -90
      objectReference: {fileID: 0}
    - target: {fileID: 3242229788882811251, guid: 447e80755f59251448859212263f6a72,
        type: 3}
      propertyPath: m_LocalEulerAnglesHint.y
      value: 90
      objectReference: {fileID: 0}
    - target: {fileID: 3242229788882811251, guid: 447e80755f59251448859212263f6a72,
        type: 3}
      propertyPath: m_LocalEulerAnglesHint.z
      value: 90
      objectReference: {fileID: 0}
    m_RemovedComponents: []
  m_SourcePrefab: {fileID: 100100000, guid: 447e80755f59251448859212263f6a72, type: 3}
--- !u!4 &7287250473739547092 stripped
Transform:
  m_CorrespondingSourceObject: {fileID: 3242229788882811251, guid: 447e80755f59251448859212263f6a72,
    type: 3}
  m_PrefabInstance: {fileID: 5323031983256127655}
  m_PrefabAsset: {fileID: 0}
--- !u!1001 &6132206331823546911
PrefabInstance:
  m_ObjectHideFlags: 0
  serializedVersion: 2
  m_Modification:
    m_TransformParent: {fileID: 1832265430669687354}
    m_Modifications:
    - target: {fileID: 2211922248767943659, guid: d1a7d04d26a336e4580bf45661bd2ca9,
        type: 3}
      propertyPath: m_Name
      value: LPlug
      objectReference: {fileID: 0}
    - target: {fileID: 7865000891902681080, guid: d1a7d04d26a336e4580bf45661bd2ca9,
        type: 3}
      propertyPath: m_LocalPosition.x
      value: 0
      objectReference: {fileID: 0}
    - target: {fileID: 7865000891902681080, guid: d1a7d04d26a336e4580bf45661bd2ca9,
        type: 3}
      propertyPath: m_LocalPosition.y
      value: 0
      objectReference: {fileID: 0}
    - target: {fileID: 7865000891902681080, guid: d1a7d04d26a336e4580bf45661bd2ca9,
        type: 3}
      propertyPath: m_LocalPosition.z
      value: 0
      objectReference: {fileID: 0}
    - target: {fileID: 7865000891902681080, guid: d1a7d04d26a336e4580bf45661bd2ca9,
        type: 3}
      propertyPath: m_LocalRotation.x
      value: 0
      objectReference: {fileID: 0}
    - target: {fileID: 7865000891902681080, guid: d1a7d04d26a336e4580bf45661bd2ca9,
        type: 3}
      propertyPath: m_LocalRotation.y
      value: 0.70710677
      objectReference: {fileID: 0}
    - target: {fileID: 7865000891902681080, guid: d1a7d04d26a336e4580bf45661bd2ca9,
        type: 3}
      propertyPath: m_LocalRotation.z
      value: 0.70710677
      objectReference: {fileID: 0}
    - target: {fileID: 7865000891902681080, guid: d1a7d04d26a336e4580bf45661bd2ca9,
        type: 3}
      propertyPath: m_LocalRotation.w
      value: 0
      objectReference: {fileID: 0}
    - target: {fileID: 7865000891902681080, guid: d1a7d04d26a336e4580bf45661bd2ca9,
        type: 3}
      propertyPath: m_RootOrder
      value: 1
      objectReference: {fileID: 0}
    - target: {fileID: 7865000891902681080, guid: d1a7d04d26a336e4580bf45661bd2ca9,
        type: 3}
      propertyPath: m_LocalEulerAnglesHint.x
      value: -90
      objectReference: {fileID: 0}
    - target: {fileID: 7865000891902681080, guid: d1a7d04d26a336e4580bf45661bd2ca9,
        type: 3}
      propertyPath: m_LocalEulerAnglesHint.y
      value: 90
      objectReference: {fileID: 0}
    - target: {fileID: 7865000891902681080, guid: d1a7d04d26a336e4580bf45661bd2ca9,
        type: 3}
      propertyPath: m_LocalEulerAnglesHint.z
      value: 90
      objectReference: {fileID: 0}
    m_RemovedComponents: []
  m_SourcePrefab: {fileID: 100100000, guid: d1a7d04d26a336e4580bf45661bd2ca9, type: 3}
--- !u!4 &4053206167080615399 stripped
Transform:
  m_CorrespondingSourceObject: {fileID: 7865000891902681080, guid: d1a7d04d26a336e4580bf45661bd2ca9,
    type: 3}
  m_PrefabInstance: {fileID: 6132206331823546911}
  m_PrefabAsset: {fileID: 0}
--- !u!1001 &9109248584054361189
PrefabInstance:
  m_ObjectHideFlags: 0
  serializedVersion: 2
  m_Modification:
    m_TransformParent: {fileID: 7704110649416604877}
    m_Modifications:
    - target: {fileID: 7979253059131474309, guid: b1fa2b902c1f7d34f980ba5857b884c4,
        type: 3}
      propertyPath: m_Name
      value: SparksVFX_R
      objectReference: {fileID: 0}
    - target: {fileID: 7979253059131474309, guid: b1fa2b902c1f7d34f980ba5857b884c4,
        type: 3}
      propertyPath: m_IsActive
      value: 0
      objectReference: {fileID: 0}
    - target: {fileID: 8523947033911287591, guid: b1fa2b902c1f7d34f980ba5857b884c4,
        type: 3}
      propertyPath: m_LocalPosition.x
      value: 0.0494
      objectReference: {fileID: 0}
    - target: {fileID: 8523947033911287591, guid: b1fa2b902c1f7d34f980ba5857b884c4,
        type: 3}
      propertyPath: m_LocalPosition.y
      value: 0.119
      objectReference: {fileID: 0}
    - target: {fileID: 8523947033911287591, guid: b1fa2b902c1f7d34f980ba5857b884c4,
        type: 3}
      propertyPath: m_LocalPosition.z
      value: 0.3027
      objectReference: {fileID: 0}
    - target: {fileID: 8523947033911287591, guid: b1fa2b902c1f7d34f980ba5857b884c4,
        type: 3}
      propertyPath: m_LocalRotation.x
      value: 0
      objectReference: {fileID: 0}
    - target: {fileID: 8523947033911287591, guid: b1fa2b902c1f7d34f980ba5857b884c4,
        type: 3}
      propertyPath: m_LocalRotation.y
      value: 0
      objectReference: {fileID: 0}
    - target: {fileID: 8523947033911287591, guid: b1fa2b902c1f7d34f980ba5857b884c4,
        type: 3}
      propertyPath: m_LocalRotation.z
      value: 0
      objectReference: {fileID: 0}
    - target: {fileID: 8523947033911287591, guid: b1fa2b902c1f7d34f980ba5857b884c4,
        type: 3}
      propertyPath: m_LocalRotation.w
      value: 1
      objectReference: {fileID: 0}
    - target: {fileID: 8523947033911287591, guid: b1fa2b902c1f7d34f980ba5857b884c4,
        type: 3}
      propertyPath: m_RootOrder
      value: 3
      objectReference: {fileID: 0}
    - target: {fileID: 8523947033911287591, guid: b1fa2b902c1f7d34f980ba5857b884c4,
        type: 3}
      propertyPath: m_LocalEulerAnglesHint.x
      value: 0
      objectReference: {fileID: 0}
    - target: {fileID: 8523947033911287591, guid: b1fa2b902c1f7d34f980ba5857b884c4,
        type: 3}
      propertyPath: m_LocalEulerAnglesHint.y
      value: 0
      objectReference: {fileID: 0}
    - target: {fileID: 8523947033911287591, guid: b1fa2b902c1f7d34f980ba5857b884c4,
        type: 3}
      propertyPath: m_LocalEulerAnglesHint.z
      value: 0
      objectReference: {fileID: 0}
    m_RemovedComponents: []
  m_SourcePrefab: {fileID: 100100000, guid: b1fa2b902c1f7d34f980ba5857b884c4, type: 3}
--- !u!4 &585936315188286274 stripped
Transform:
  m_CorrespondingSourceObject: {fileID: 8523947033911287591, guid: b1fa2b902c1f7d34f980ba5857b884c4,
    type: 3}
  m_PrefabInstance: {fileID: 9109248584054361189}
  m_PrefabAsset: {fileID: 0}
